
@article{monte_commuting_2018,
    title={Commuting, Migration, and Local Employment Elasticities},
    author={Monte, Ferdinando and Redding, Stephen J and Rossi-Hansberg, Esteban},
    journal={American Economic Review},
    volume={108},
    number={12},
    pages={3855--3890},
    year={2018},
    publisher={American Economic Association},
    doi={10.1257/aer.20151507}
}

@article{redding_quantitative_2017,
    title={Quantitative Spatial Economics},
    author={Redding, Stephen J and Rossi-Hansberg, Esteban},
    journal={Annual Review of Economics},
    volume={9},
    pages={21--58},
    year={2017},
    publisher={Annual Reviews},
    doi={10.1146/annurev-economics-063016-103713},
    url={https://doi.org/10.1146/annurev-economics-063016-103713}
}